@comment{This file has been generated by Pybliographer}

%% Use pybliographer to alphabetize the entries.
%% But it will mix up all strings, so delete them,
%% save file, kill file, alphabetize, reread file,
%% and paste them back.  One day, you will have to
%% write a script to do that.

@String{n = { and }}

%% Journals
@String{ abe 	= "Annals of Biomedical Engineering"}
@String{ aig 	= "Adv. Geophys."}
@String{ ag     = {Annales Geophysicae}}
@String{ grl 	= "Geophys. Res. Let."}
@String{ ieeeplasma 	= "IEEE Trans. on Plasma Sci."}
@String{ jastp 	= "J. Atmos. Sol. Terr. Phys."}
@String{ jgr 	= "J. Geophys. Res."}
@String{ jpa 	= "J. Phys. A"}
@String{ pla 	= "Phys. Let. A"}
@String{ pop 	= "Phys. Plasmas"}
@String{ pra 	= "Phys. Rev. A"}
@String{ prb 	= "Phys. Rev. B"}
@String{ pre 	= "Phys. Rev. E"}
@String{ prl 	= "Phys. Rev. Let."}
@String{ rmp 	= "Rev. Mod. Phys."}
@String{ wrr 	= "Water Resources Research"}
@String{ssr = "Space Sci. Rev."}

%% Authors
%% emacs macros:  group author lines into region, then bibgroup1, 2, 3
@String{luiaty = {A. T. Y. Lui}}
@String{chapmansc = {S. C. Chapman}}
@String{liouk = {K. Liou}}
@String{newell = {P. T. Newell}}
@String{mengci = {C. I. Meng}}
@String{brittnacherm = {M. Brittnacher}}
@String{parksgk = {G. K. Parks}}
@String{mukait = {T. Mukai}}
@String{kokubuns = {S. Kokubun}}
@String{ bakerdn 	= {D. N. Baker}}
@String{ chuad 	= {Damien Chua}}
@String{ hessem 	= {M. Hesse}}
@String{ klimasaj 	= {Alex J. Klimas}}
@String{ parksg 	= {George Parks}}
@String{ pudovkinmi 	= {M. I. Pudovkin}}
@String{ takaloj 	= {J. Takalo}}
@String{ uritskyvm 	= {Vadim M. Uritsky}}
@String{ valdiviaja 	= {J. A. Valdivia}}
@String{ vassiliadisd 	= {Dimitris Vassiliadis}}
@String{changt = {Tom Chang}}
@String{tams = {Sunny W. Y. Tam}}
@String{wuc = {Cheng-Chin Wu}}
@String{consolinig = {Giuseppe Consolini}}
@String{marcuccimf = {Maria F. Marcucci}}
@String{candidim = {Maurizio Candidi}}
@String{watkinsnw = {N. W. Watkins}}
@String{leg = {G. Le}}
@String{chip = {P. Chi}}
@String{goedeckew = {W. Goedecke}}
@String{russellc = {C. Rusell}}
@String{szaboa = {A. Szabo}}
@String{petrinecs = {S. Petrinec}}
@String{angelopoulosv = {V. Angelopoulos}}
@String{reevesg = {G. Reeves}}
@String{chunf = {F. Chun}}
@String{tsurutanibt = {Bruce T. Tsurutani}}
@String{sugiuram = {Masahisa Sgiura}}
@String{iyemorit = {Toshihiko Iyemori}}
@String{goldsteinbe = {Bruce E. Goldstein}}
@String{gonzalezwd = {Walter D. Gonzalez}}
@String{akasofusi = {Syun I. Akasofu}}
@String{smithej = {Edward J. Smith}}
@String{luet = {E. T. Lu}}
@String{woodardr = {Ryan Woodard}}
@String{newmande = {D. E. Newman}}
@String{sanchezr = {R. S\'{a}nchez}}
@String{carrerasba = {B. A. Carreras}}
@String{malamudbd = {Bruce D. Malamud}}
@String{tucottedl = {Donald L. Turcotte}}
@String{sornetted = {Didier Sornette}}

@Article{lu95a,
  author = 	 luet,
  title = 	 {Avalanches in continuum driven dissipative systems},
  journal = 	 prl,
  year = 	 {1995},
  OPTkey = 	 {},
  volume =	 {74},
  number =	 {13},
  pages =	 {2511-2514},
  OPTmonth = 	 {},
  OPTnote = 	 {},
  OPTannote = 	 {}
}

@Article{consolini96a,
  author = 	 consolinig #n# marcuccimf #n# candidim,
  title = 	 {Multifractal Structure of Auroral Electrojet Index Data},
  journal = 	 prl,
  year = 	 {1996},
  OPTkey = 	 {},
  volume =	 {76},
  number =	 {21},
  pages =	 {4082-4085},
  OPTmonth = 	 {},
  OPTnote = 	 {},
  OPTannote = 	 {}
}

@Article{tsurutani90a,
  author = 	 tsurutanibt #n# sugiuram #n# iyemorit #n# goldsteinbe #n# gonzalezwd #n# akasofusi #n# smithej,
  title = 	 {The Nonlinear Response Of AE To the IMF $B_s$ Driver: A Spectral Break At 5 Hours},
  journal = 	 grl,
  year = 	 {1990},
  OPTkey = 	 {},
  volume =	 {17},
  number =	 {3},
  pages =	 {279-282},
  OPTmonth = 	 {},
  OPTnote = 	 {},
  OPTannote = 	 {}
}

@Article{le00a,
  author = 	 leg #n# russellc #n# petrinecs,
  title = 	 {The magnetosphere on May 11, 1999, the day the solar wind almost disappeared: I. Current systems},
  journal = 	 grl,
  year = 	 {2000},
  OPTkey = 	 {},
  volume =	 {27},
  number =	 {13},
  pages =	 {1827-1830},
  OPTmonth = 	 {},
  OPTnote = 	 {},
  OPTannote = 	 {}
}

@Article{le00b,
  author = 	 leg #n# chip #n# goedeckew #n# russellc #n# szaboa #n# petrinecs #n# angelopoulosv #n# reevesg #n# chunf,
  title = 	 {Magnetosphere on May 11, 1999, the day the solar wind almost disappeared: II. Magnetic pulsations in space and on the ground},
  journal = 	 grl,
  year = 	 {2000},
  OPTkey = 	 {},
  volume =	 {27},
  number =	 {14},
  pages =	 {2165-2168},
  OPTmonth = 	 {},
  OPTnote = 	 {},
  OPTannote = 	 {}
}

@Article{chapman01a,
  author = 	 chapmansc #n# watkinsnw,
  title = 	 {Avalanching and Self Organised Criticality: a paradigm for magnetospheric dynamics?},
  journal = 	 ssr,
  year = 	 {2001},
  OPTkey = 	 {},
  volume =	 {95},
  OPTnumber = 	 {},
  OPTpages = 	 {},
  OPTmonth = 	 {},
  OPTnote = 	 {},
  OPTannote = 	 {}
}

@Article{chang03a,
  author = 	 changt #n# tams #n# wuc #n# consolinig,
  title = 	 {Complexity, forced and/or self-organized criticality, and topological phase transitions in space plasmas},
  journal = 	 ssr,
  year = 	 {2003},
  OPTkey = 	 {},
  volume =	 {107},
  OPTnumber = 	 {},
  pages =	 {425-445},
  OPTmonth = 	 {},
  OPTnote = 	 {},
  OPTannote = 	 {}
}

@Article{alencar03a,
  Author         = {Adriano M. Alencar and Sergey V. Buldyrev and Arnab
                   Majumdar and H. Eugene Stanley and B\'{e}la Suki},
  Title          = {Perimeter growth of a branched structure: Application
                   to crackle sounds in the lung},
  Journal        = pre,
  Volume         = {68},
  Number         = {1},
  Pages          = {011909},
  Note           = {http://link.aps.org/abstract/PRE/v68/e011909},
  annote         = {Boston University. Branching tree model of lungs.
                   Threshold pressure needed to open branch, giving
                   acoustic spike (crackle). Avalanche to other branches
                   happens instantaneously, so quiet times are times
                   between avalanches. PDF of qts power law, slope -2.
                   Derive PDF of slope -1 when interevent spacing is
                   Poisson process.},
  opturl            = {http://physics2.phys.uaf.edu/~ryan/science/papers/alencar03a_crackle_lung_pre.pdf},
  year           = 2003
}

@Article{antal2001a,
  author = 	 {T. Antal and M. Droz and G. Gy\"{o}rgyi and Z. R\'{a}cz},
  title = 	 {$1/f$ Noise and Extreme Value Statistics},
  journal = 	 prl,
  year = 	 {2001},
  OPTkey = 	 {},
  volume =	 {87},
  number =	 {24},
  pages =	 {240601-1--4},
  OPTmonth = 	 {},
  OPTnote = 	 {},
  OPTannote = 	 {}
}

@Book{bak1996a,
  Author         = {P. Bak},
  Title          = {How Nature Works},
  Publisher      = {Springer-Verlag},
  address =	 {New York},
  optannote      = {},
  optedition     = {},
  optkey         = {},
  optmonth       = {},
  optnote        = {},
  optnumber      = {},
  optseries      = {},
  optvolume      = {},
  year           = {1996}
}

@Article{btw88a,
  Author         = {P. Bak and C. Tang and K. Wiesenfeld},
  Title          = {Self-organized criticality},
  Journal        = pra,
  Volume         = {38},
  Number         = {1},
  Pages          = {364-374},
  year           = 1988
}

@Article{btw87a,
  Author         = {P. Bak and C. Tang and K. Wiesenfeld},
  Title          = {Self-organized criticality: an explanation of $1/f$
                   noise},
  Journal        = prl,
  Volume         = 59,
  Pages          = 381,
  year           = 1987
}

@Book{bassing94b,
  Author         = {J. B. Bassingthwaighte and L. S. Liebovitch and B. J.
                   West},
  Title          = {Fractal Physiology},
  Publisher      = {Oxford University Press},
  year           = 1994
}

@Article{bassing95a,
  Author         = {J. B. Bassingthwaighte and G. M. Raymond},
  Title          = {Evaluation of the dispersional analysis method for
                   fractal time series},
  Journal        = abe,
  Volume         = {23},
  Pages          = {491},
  year           = 1995
}

@Article{bassing94a,
  Author         = {J. B. Bassingthwaighte and G. M. Raymond},
  Title          = {Evaluating rescaled range analysis for time series},
  Journal        = abe,
  Volume         = {22},
  Pages          = {432},
  year           = 1994
}

@Article{benoit03a,
  Author         = {John P. Benoit and Stephen R. McNutt and Vilma Barboza},
  Title          = {Duration-amplitude distribution of volcanic tremor},
  Journal        = jgr,
  Volume         = {107},
  Number         = {?},
  year           = 2003
}

@Book{berlekamp82a,
  author = 	 {Elwyn R. Berlekamp and John H. Conway and Richard K. Guy},
  title = 	 {Winning Ways for your Mathematical Plays, II:  Games in Particular},
  publisher = 	 {Academic Press},
  year = 	 {1982},
  OPTkey = 	 {},
  OPTnumber = 	 {},
  OPTseries = 	 {},
  OPTaddress = 	 {},
  OPTedition = 	 {},
  OPTmonth = 	 {},
  OPTnote = 	 {},
  OPTannote = 	 {}
}

@Article{biglari89a,
  author = 	 {H. Biglari and P. H. Diamond and M. N. Rosenbluth},
  OPTtitle = 	 {},
  journal = 	 {Phys. Fluids B},
  year = 	 {1989},
  OPTkey = 	 {},
  volume =	 {1},
  OPTnumber = 	 {},
  pages =	 {109},
  OPTmonth = 	 {},
  OPTnote = 	 {},
  OPTannote = 	 {}
}

@Book{bracewell,
  Author         = {Ronald N. Bracewell},
  Title          = {The Fourier Transform and Its Applications},
  Publisher      = {McGraw-Hill},
  Edition        = {3rd},
  year           = 2000
}

@Article{carbone00a,
  Author         = {V. Carbone and G. Regnoli and E. Martines and V.
                   Antoni},
  Title          = {Intermittency and self-similarity in plasma edge
                   fluctuations},
  Journal        = pop,
  Volume         = {7},
  Number         = {2},
  Pages          = {445},
  year           = 2002
}

@Article{carreras97a,
  Author         = {B. A. Carreras},
  Title          = {Progress in anomalous transport research in toroidal
                   magnetic confinement devices},
  Journal        = ieeeplasma,
  Volume         = {25},
  Number         = {6},
  Pages          = {1281-1321},
  opturl            = {http://ieeexplore.ieee.org/xpl/abs_free.jsp?isNumber=14209&prod=JNL&arnumber=650902&arSt=1281&ared=1321&arAuthor=Carreras%2C+B.A.&arNumber=650902&a_id0=650894&a_id1=650895&a_id2=650896&a_id3=650897&a_id4=650898&a_id5=650899&a_id6=650901&a_id7=650902&a_id8=650903&a_id9=650904&a_id10=650905&a_id11=650906&a_id12=650907&a_id13=650908&a_id14=650909&count=15},
  year           = 1997
}

@Article{carreras00a,
  Author         = {B. A. Carreras and V. E. Lynch and D. E. Newman and R.
                   Balb\'{i}n and J. Bleuel and M. A. Pedrosa and M.
                   Endler and B. van Milligen and E. S\'{a}nchez and C.
                   Hidalgo},
  Title          = {Intermittency of plasma edge fluctuation data:
                   multifractal analysis},
  Journal        = pop,
  Volume         = {7},
  Pages          = {3278},
  url            = {http://physics2.phys.uaf.edu/~ryan/science/papers/intermittentmultifractal.pdf},
  year           = 2000
}

@Article{carreras02a,
  Author         = {B. A. Carreras and V. E. Lynch and D. E. Newman and R.
                   S\'{a}nchez},
  Title          = {Avalanche structure in a running sandpile model},
  Journal        = pre,
  Volume         = {66},
  Pages          = {011302},
  opturl            = {http://physics2.phys.uaf.edu/~ryan/science/papers/avalanchestructure_pre.pdf},
  year           = 2002
}

@Article{carreras96a,
  Author         = {B. A. Carreras and D. Newman and V. E. Lynch et al.},
  Title          = {A model realization of self-organized criticality for
                   plasma confinement},
  Journal        = pop,
  Volume         = {3},
  Number         = {8},
  Pages          = {2903-2911},
  opturl            = {http://dx.doi.org/10.1063/1.871650},
  year           = 1996
}

@Article{carreras99b,
  Author         = {B. A. Carreras and D. E. Newman and B. Ph. van
                   Milligen et al.},
  Title          = {Long-range time dependence in the cross-correlation
                   function},
  Journal        = pop,
  Volume         = {6},
  Number         = {2},
  Pages          = {485-494},
  opturl            = {http://physics2.phys.uaf.edu/~ryan/science/papers/longrangecrosscorr.pdf},
  year           = 1999
}

@Article{carreras99a,
  Author         = {B. A. Carreras and B. van Milligen and C. Hidalgo et
                   al.},
  Title          = {Self-similarity properties of the probability
                   distribution function of turbulence-induces particle
                   fluxes at the plasma edge},
  Journal        = prl,
  Volume         = {83},
  Pages          = {3653},
  opturl            = {http://physics2.phys.uaf.edu/~ryan/science/papers/selfsimilarpdfedge_prl.pdf},
  year           = 1999
}

@Article{carreras98a,
  Author         = {B. A. Carreras and B. Ph. van Milligen and and M. A.
                   Pedrosa et al.},
  Title          = {Self-similarity of the plasma edge fluctuations},
  Journal        = pop,
  Volume         = {5},
  Pages          = {3632},
  opturl            = {http://physics2.phys.uaf.edu/~ryan/science/papers/selfsimilarityedge.pdf},
  year           = 1998
}

@Article{carreras98b,
  Author         = {B. A. Carreras and B. Ph. van Milligen and M. A.
                   Pedrosa et al.},
  Title          = {Long-range time correlations in plasma edge turbulence},
  Journal        = prl,
  Volume         = {80},
  Pages          = {4438},
  opturl            = {http://physics2.phys.uaf.edu/~ryan/science/papers/longrangecorreedge_prl.pdf},
  year           = 1998
}

@Article{carreras99c,
  Author         = {B. A. Carreras and B. Ph. van Milligen and M. A.
                   Pedrosa et al.},
  Title          = {Experimental evidence of long-range correlations and
                   self-similarity in plasma fluctuations},
  Journal        = pop,
  Volume         = {6},
  Number         = {5},
  Pages          = {1885-1892},
  opturl            = {http://physics2.phys.uaf.edu/~ryan/science/papers/expt_evidence_long_range_corr.pdf},
  year           = 1999
}

@Article{carreras2004a,
  author = 	 {B.A. Carreras and D.E. Newman and I. Dobson and A.B. Poole},
  title = 	 {Evidence for self-organized criticality in a time series of electric power system blackouts},
  journal = 	 {IEEE Trans. on Circuits and
Systems, Part 1},
  year = 	 {2004},
  OPTkey = 	 {},
  OPTvolume = 	 {},
  OPTnumber = 	 {},
  OPTpages = 	 {},
  OPTmonth = 	 {},
  note =	 {accepted March 2004},
  annote =	 {accepted March 2004}
}

@Article{carreras2004b,
  author = 	 {B.A. Carreras and V. E. Lynch and I. Dobson and D. E. Newman},
  title = 	 {Complex Dynamics of Blackouts in Power Transmission Systems},
  journal = 	 {Chaos},
  year = 	 {2004},
  OPTkey = 	 {},
  OPTvolume = 	 {},
  OPTnumber = 	 {},
  OPTpages = 	 {},
  OPTmonth = 	 {},
  note =	 {accepted June 2004},
  annote =	 {accepted June 2004}
}


@Article{carreras2002b,
  author = 	 {B.A. Carreras and V. E. Lynch and I. Dobson and D. E. Newman},
  title = 	 {Critical points and transitions in an electric power transmission
model for cascading failure blackouts},
  journal = 	 {Chaos},
  year = 	 {2002},
  OPTkey = 	 {},
  volume =	 {12},
  number =	 {4},
  pages =	 {985-994},
  OPTmonth = 	 {},
  OPTnote = 	 {},
  OPTannote = 	 {}
}

@Article{chang99a,
  Author         = {T. S. Chang},
  Title          = {Self-organized criticality, multi-fractal spectra,
                   sporadic localized reconnections and intermittent
                   turbulence in the magnetotail},
  Journal        = pop,
  Volume         = {6},
  Pages          = {4137-4145},
  year           = 1999
}

@Article{othermeans,
  Author         = {Jo Dadda},
  Title          = {Wanted},
  Journal        = {Penthouse},
  year           = 1999
}

@Article{davidsen02a,
  Author         = {J\"{o}rn Davidsen and Maya Paczuski},
  Title          = {\fa\ noise from correlations between avalanches in
                   self-organized criticality},
  Journal        = pre,
  Volume         = {66},
  Pages          = {050101(R)},
  opturl            = {http://physics2.phys.uaf.edu/~ryan/science/papers/correlations_soc_davidsen_paczuski.pdf},
  year           = 2002
}

@Article{diamond95a,
  Author         = {P. H. Diamond and T. S. Hahm},
  Title          = {On the dynamics of turbulent transport near marginal
                   stability},
  Journal        = prl,
  Volume         = {2},
  Pages          = {3640},
  year           = 1995
}

@Article{drossel92a,
  author = 	 {B. Drossel and F. Schwabl},
  title = 	 {},
  journal = 	 prl,
  year = 	 {1992},
  OPTkey = 	 {},
  volume =	 {69},
  OPTnumber = 	 {},
  pages =	 {1629},
  OPTmonth = 	 {},
  OPTnote = 	 {},
  OPTannote = 	 {}
}

@Article{drossel92b,
  author = 	 {B. Drossel and F. Schwabl},
  title = 	 {},
  journal = 	 {Physica A},
  year = 	 {1992},
  OPTkey = 	 {},
  volume =	 {199},
  OPTnumber = 	 {},
  pages =	 {183},
  OPTmonth = 	 {},
  OPTnote = 	 {},
  OPTannote = 	 {}
}

@Article{dutta1981a,
  author = 	 {P. Dutta and P. M. Horn},
  title = 	 {Low-frequency fluctuations in solids: 1/f noise},
  journal = 	 rmp,
  year = 	 {1981},
  OPTkey = 	 {},
  volume =	 {53},
  number =	 {3},
  pages =	 {497-516},
  OPTmonth = 	 {},
  OPTnote = 	 {},
  OPTannote = 	 {}
}

@Article{eosdebate04a,
  author = 	 {Y. Kamide and G. Rostoker},
  title = 	 {What is the Physical meaning of the {\em AE} Index?},
  journal = 	 {EOS},
  year = 	 {2004},
  OPTkey = 	 {},
  volume =	 {85},
  number =	 {19},
  pages =	 {188},
  month =	 {May},
  OPTnote = 	 {},
  OPTannote = 	 {}
}

@Article{gutenberg56a,
  author = 	 {B. Gutenberg and C.~F. Richter},
  title = 	 {},
  journal = 	 {Ann. Geophys.},
  year = 	 {1956},
  OPTkey = 	 {},
  volume =	 {9},
  number =	 {1},
  OPTpages = 	 {},
  OPTmonth = 	 {},
  OPTnote = 	 {},
  OPTannote = 	 {}
}

@Article{plasmarefs,
  Author         = {B. Dylan},
  Title          = {plasmarefs}
}

@Article{tectonicrefs,
  Author         = {B. Dylan},
  Title          = {tectonicrefs}
}

@Article{carlospowerlawflux,
  Author         = {B. Dylan},
  Title          = {carlospowerlawflux}
}

@Article{cannon1997a,
  author = 	 {M. J. Cannon and D. B. Percival and D. C. Caccia and G. M. Raymond and J. B. Bassingthwaighte},
  title = 	 {},
  journal = 	 {Physica A},
  year = 	 {1997},
  OPTkey = 	 {},
  OPTvolume = 	 {241},
  OPTnumber = 	 {},
  OPTpages = 	 {},
  OPTmonth = 	 {},
  OPTnote = 	 {},
  OPTannote = 	 {}
}


@Book{chen1984a,
  author = 	 {Francis F. Chen},
  title = 	 {Introduction to Plasma Physics and Controlled Fusion},
  publisher = 	 {Plenu Press},
  year = 	 {1988},
  OPTkey = 	 {},
  volume =	 {1:  Plasma Physics},
  OPTnumber = 	 {},
  OPTseries = 	 {},
  OPTaddress = 	 {},
  edition =	 {2nd},
  OPTmonth = 	 {},
  OPTnote = 	 {},
  OPTannote = 	 {}
}

@Article{gilmore03a,
  author = 	 {C. X. Yu and M. Gilmore and W.A. Peebles and T.L. Rhodes},
  title = 	 {Structure Function Analysis of Long-Range Correlations in Plasma Turbulence},
  journal = 	 pop,
  year = 	 {2003},
  volume =	 {10},
  number =	 {7},
  pages =	 {2772-2779}
}

@Article{gilmore02a,
  author = 	 {M. Gilmore and C. X. Yu and T.L. Rhodes and W.A. Peebles},
  title = 	 {Investiations of rescaled range analysis, the Hurst exponent, and long-time correlations in plasma turbulence},
  journal = 	 pop,
  year = 	 {2002},
  volume =	 {9},
  number =	 {4},
  pages =	 {1312-1317}
}

@Misc{gammelweba,
  Author         = {B. M. Gammel},
  Title          = {rsanalysis.cc},
  HowPublished   = {http://www1.physik.tu-muenchen.de/~gammel/matpack/},
  year           = 1995
}

@Article{gammel98a,
  Author         = {B. M. Gammel},
  Title          = {Hurst's rescaled range statistical analysis for
                   pseudorandom number generators used in physical
                   simulations},
  Journal        = pre,
  Volume         = {58},
  Pages          = {2586},
  year           = 1998
}

@Article{garcia02a,
  Author         = {L. Garcia and B. A. Carreras and D. E. Newman},
  Title          = {A self-organized critical transport model based on
                   critical-gradient fluctuation dynamics},
  Journal        = pop,
  Volume         = {9},
  Number         = {3},
  Pages          = {841-848},
  year           = {2002}
}

@Article{hahm1989a,
  author = 	 {T. S. Hahm and W. M. Tang},
  OPTtitle = 	 {},
  journal = 	 {Phys. Fluids B},
  year = 	 {1989},
  OPTkey = 	 {},
  volume =	 {1},
  OPTnumber = 	 {},
  pages =	 {1185},
  OPTmonth = 	 {},
  OPTnote = 	 {},
  OPTannote = 	 {}
}

@Article{hughes2002a,
  author = 	 {David Hughes and Maya Paczuski},
  title = 	 {Large scale structures, symmetry, and universality in sandpiles},
  journal = 	 prl,
  year = 	 {2002},
  OPTkey = 	 {},
  volume =	 {88},
  number =	 {5},
  pages =	 {054302},
  OPTmonth = 	 {},
  OPTnote = 	 {},
  OPTannote = 	 {}
}

@Article{hurst51a,
  Author         = {H. E. Hurst},
  Title          = {Long-term storage capacity of reservoirs},
  Journal        = {Trans. Am. Soc. Civ. Eng.},
  Volume         = {116},
  Pages          = {770},
  year           = 1951
}

@Article{hwakardar92a,
  Author         = {T. Hwa and M. Kardar},
  Title          = {Avalanches, hydrodynamics, and discharge events in
                   models of sandpiles},
  Journal        = pra,
  Volume         = {45},
  Pages          = {7002},
  year           = 1992
}

@Book{jensen98a,
  Author         = {H. J. Jensen},
  Title          = {Self-Organized Criticality: Emergent Complex Behaviour
                   In Physical And Biological Systems},
  Publisher      = {Cambridge University Press},
  Address        = {Cambridge},
  year           = 1998
}

@Article{jensen89a,
  Author         = {H. J. Jensen and K. Christensen and H. C. Fogedby},
  Title          = {$1/f$ noise, distribution of lifetimes, and a pile of
                   sand},
  Journal        = prb,
  Volume         = {40},
  Number         = {10},
  Pages          = {7425-7427},
  year           = 1989
}

@Article{kadanoff89a,
  Author         = {Leo P. Kadanoff and Sidney R. Nagel and Lei Wu and
                   Su-min Zhou},
  Title          = {Scaling and universality in avalanches},
  Journal        = pra,
  Volume         = {39},
  Number         = {12},
  Pages          = {6524-6537},
  opturl            = {http://physics2.phys.uaf.edu/~ryan/science/papers/kadanoff_soc_pra.pdf},
  year           = 1989
}

@Article{kadanoff86a,
  author = 	 {Leo P. Kadanoff},
  title = 	 {Fractals:  Where's the physics?},
  journal = 	 {Physics Today},
  year = 	 {1986},
  OPTkey = 	 {},
  OPTvolume = 	 {},
  OPTnumber = 	 {},
  pages =	 {6-7},
  month =	 {February},
  OPTnote = 	 {},
  OPTannote = 	 {}
}

@Book{kadomtsev1992a,
  author =	 {B. B. Kadomtsev},
  title = 	 {Tokamak Plasma:  A Complex Physical System},
  publisher = 	 {Institute of Physics Publishing},
  year = 	 {1992},
  OPTkey = 	 {},
  OPTvolume = 	 {},
  OPTnumber = 	 {},
  OPTseries = 	 {},
  OPTaddress = 	 {},
  OPTedition = 	 {},
  OPTmonth = 	 {},
  OPTnote = 	 {},
  OPTannote = 	 {}
}

@Book{kammash75a,
  author =	 {Terry Kammash},
  title = 	 {Fusion Reactor Physics:  Principles and Technology},
  publisher = 	 {Ann Arbor Science Publishers},
  year = 	 {1975},
  OPTkey = 	 {},
  OPTvolume = 	 {},
  OPTnumber = 	 {},
  OPTseries = 	 {},
  OPTaddress = 	 {},
  OPTedition = 	 {},
  OPTmonth = 	 {},
  OPTnote = 	 {},
  OPTannote = 	 {}
}

@Article{kertesz90a,
  Author         = {J. Kert\'{e}sz and L\'{a}szl\'{o} B. Kiss},
  Title          = {The noise spectrum in the model of self-organised
                   criticality},
  Journal        = jpa,
  Volume         = {23},
  Pages          = {L433-L440},
  year           = 1990
}

@Article{klimas00a,
  Author         = klimasaj # n # valdiviaja # n # vassiliadisd # n #
                   bakerdn # n # hessem # n # takaloj,
  Title          = {Self-organized criticality in the substorm phenomenon and its relation to localized reconnection in the magnetospheric plasma sheet},
  Journal        = JGR,
  optannote      = {},
  optkey         = {},
  optmonth       = {},
  optnote        = {},
  number =	 {A8},
  pages =	 {18,765 - 18,780},
  volume =	 {105},
  year           = {2000}
}

@Article{angelopoulosv99a,
  author = 	 angelopoulosv #n# mukait #n# kokubuns,
  title = 	 {Evidence for intermittency in Earth's plasma sheet and implications for self-organized criticality},
  journal = 	 pop,
  year = 	 {1999},
  OPTkey = 	 {},
  volume =	 {6},
  number =	 {11},
  pages =	 {4161-4168},
  OPTmonth = 	 {},
  OPTnote = 	 {},
  OPTannote = 	 {}
}

@Article{kutnjak96a,
  Author         = {Brigita Kutnjak-Urbanc and Shlomo Havlin and H. Eugene
                   Stanley},
  Title          = {Temporal correlations in a one-dimensional sandpile
                   model},
  Journal        = pre,
  Volume         = {54},
  Number         = {6},
  Pages          = {6109-6113},
  year           = 1996
}

@Article{lui00a,
  author = 	 luiaty #n# chapmansc #n# liouk #n# newell #n# mengci #n# brittnacherm #n# parksgk,
  title = 	 {Is the dynamic magnetosphere an avalanching system?},
  journal = 	 grl,
  year = 	 {2000},
  OPTkey = 	 {},
  volume =	 {27},
  number =	 {7},
  pages =	 {911-914},
  OPTmonth = 	 {},
  OPTnote = 	 {},
  OPTannote = 	 {}
}

@Article{malamud99a,
  Author         = malamudbd #n# tucottedl,
  Title          = {Self-affine time series:  I. generation and analyses},
  Journal        = aig,
  optannote      = {},
  optkey         = {},
  optmonth       = {},
  optnote        = {},
  optnumber      = {},
  pages =	 {1-87},
  volume =	 {40},
  year           = 1999
}

@Book{mandel1999a,
  Author         = {B. B. Mandelbrot},
  Title          = {Multifractals and $1/f$ noise},
  Publisher      = {Springer-Verlag},
  year           = 1999
}

@Book{mandel2002a,
  Author         = {B. B. Mandelbrot},
  Title          = {Gaussian self-affinity and fractals},
  Publisher      = {Springer-Verlag},
  year           = 2002
}

@Article{mandelbrot69b,
  Author         = {B. B. Mandelbrot and J. R. Wallis},
  Title          = {Global dependence in geophysical records},
  Journal        = wrr,
  Volume         = {5},
  Pages          = {321-340},
  year           = 1969
}

@Article{mandelbrot69d,
  Author         = {B. B. Mandelbrot and J. R. Wallis},
  Title          = {Computer Experiments with Fractional Gaussian Noises
                    Part 2, Rescaled Range and Spectra},
  Journal        = wrr,
  Volume         = {5},
  Pages          = {243-259},
  year           = 1969
}

@Article{manna1991a,
  author = 	 {S. S. Manna},
  title = 	 {},
  journal = 	 jpa,
  year = 	 {1991},
  OPTkey = 	 {},
  volume =	 {24},
  number =	 {L363},
  OPTpages = 	 {},
  OPTmonth = 	 {},
  OPTnote = 	 {},
  OPTannote = 	 {}
}

@Article{milotti2002a,
  author = 	 {Edoardo Milotti},
  title = 	 {1/f noise: a pedagogical review},
  journal = 	 {ArXiv.org E-print Archive},
  year = 	 {2002},
  OPTkey = 	 {},
  OPTvolume = 	 {},
  OPTnumber = 	 {},
  OPTpages = 	 {},
  OPTmonth = 	 {},
  note =	 {http://arxiv.org/abs/physics/0204033},
  OPTannote = 	 {}
}

@Article{examplesandreferences,
  Author         = {Jo Momma},
  Title          = {Feature},
  Journal        = {Penthouse},
  year           = 2000
}

@Article{???,
  Author         = {Jo Momma},
  Title          = {Forum},
  Journal        = {Penthouse},
  year           = 2002
}

@Article{??,
  Author         = {Jo Momma},
  Title          = {Wicked Wanda},
  Journal        = {Penthouse},
  year           = 2001
}

@Article{watkins02a,
  Author         = {{N. W. Watkins}},
  Title          = {Scaling in the space climatology of the auroral
                   indices: is {SOC} the only possible description?},
  Journal        = {Nonlinear Processes in Geophysics},
  Volume         = {9},
  Pages          = {389-397},
  year           = 2002
}

@Misc{bassingweba,
  Author         = {National Simulation Resource, Center for
                   Bioengineering},
  Title          = {husubs.f},
  HowPublished   = {http://nsr.bioeng.washington.edu/Software/NSR_SW_fractal.html},
  year           = 1994
}

@Article{newman96b,
  Author         = {D. E. Newman and B. A. Carreras and P. H. Diamond},
  Title          = {The dynamics of sandpiles with a sheared flow},
  Journal        = pla,
  Volume         = {218},
  Pages          = {58-63},
  opturl            = {http://dx.doi.org/10.1016/0375-9601(96)00359-3},
  year           = 1996
}

@Article{newman96a,
  Author         = {D. E. Newman and B. A. Carreras and P. H. Diamond and
                   T. S. Hahm},
  Title          = {The dynamics of marginality and self-organized
                   criticality as a paradigm for turbulent transport},
  Journal        = pop,
  Volume         = 3,
  Pages          = 1858,
  opturl            = {http://dx.doi.org/10.1063/1.871681},
  year           = 1996
}

@Article{newman02a,
  Author         = {D. E. Newman and R. S\'{a}nchez and B. A. Carreras and
                   W. Ferenbaugh},
  Title          = {Transition in the dynamics of a diffusive running
                   sandpile},
  Journal        = prl,
  Volume         = {88},
  Number         = {20},
  Pages          = {204304},
  opturl            = {http://physics2.phys.uaf.edu/~ryan/science/papers/transitiondiffusivesand_prl.pdf},
  year           = 2002
}


@InProceedings{newman2002b,
  author = 	 {D. E. Newman and B. A. Carreras and Nathaniel D. Sizemore and V. E. Lynch}, 
  title = 	 {Growth and Propagation of Disturbances in a Communication Network Model},
  OPTcrossref =  {},
  OPTkey = 	 {},
  booktitle =	 {35th Hawaii International Conference on System Sciences},
  OPTpages = 	 {},
  year =	 {2002},
  OPTeditor = 	 {},
  OPTvolume = 	 {},
  OPTnumber = 	 {},
  OPTseries = 	 {},
  address =	 {Hawaii},
  OPTmonth = 	 {},
  OPTorganization = {},
  OPTpublisher = {},
  OPTnote = 	 {},
  OPTannote = 	 {}
}

@Unpublished{newman2004a,
  author = 	 {D. E. Newman},
  title = 	 {Personal communication.},
  note = 	 {Personal communication.},
  OPTkey = 	 {},
  OPTmonth = 	 {},
  OPTyear = 	 {},
  OPTannote = 	 {}
}

@Article{olami92a,
  author = 	 {Z. Olami and K. Christensen},
  title = 	 {},
  journal = 	 pra,
  year = 	 {1992},
  OPTkey = 	 {},
  volume =	 {46},
  OPTnumber = 	 {},
  pages =	 {R1720},
  OPTmonth = 	 {},
  OPTnote = 	 {},
  OPTannote = 	 {}
}

@Article{olami92b,
  author = 	 {Z. Olami and H.~J.~S. Feder and K. Christensen},
  title = 	 {},
  journal = 	 prl,
  year = 	 {1992},
  OPTkey = 	 {},
  volume =	 {68},
  OPTnumber = 	 {},
  pages =	 {1244},
  OPTmonth = 	 {},
  OPTnote = 	 {},
  OPTannote = 	 {}
}

@Misc{oneoverfref,
  OPTkey = 	 {},
  OPTauthor = 	 {},
  title =	 {http://www.nslij-genetics.org/wli/1fnoise/},
  OPThowpublished = {},
  OPTmonth = 	 {},
  OPTyear = 	 {},
  OPTnote = 	 {},
url = {http://www.nslij-genetics.org/wli/1fnoise/},
  OPTannote = 	 {}
}

@Article{peng1994a,
  author = 	 {C.-K. Peng and S. V. Buldyrev and S. Havlin and M. Simons and H. E. Stanley and A. L. Goldberger},
  title = 	 {Mosaic organization of DNA nucleotides},
  journal = 	 pre,
  year = 	 {1994},
  OPTkey = 	 {},
  volume =	 {49},
  number =	 {2},
  pages =	 {1685-1689},
  OPTmonth = 	 {},
  OPTnote = 	 {},
  OPTannote = 	 {}
}


@Article{press1978a,
   author = {{Press}, W.~H.},
    title = "{Flicker noises in astronomy and elsewhere}",
  journal = {Comments on Astrophysics},
     year = 1978,
   volume = 7,
    pages = {103-119},
   adsurl = {http://adsabs.harvard.edu/cgi-bin/nph-bib_query?bibcode=1978ComAp...7..103P&amp;db_key=AST},
  adsnote = {Provided by the NASA Astrophysics Data System}
}

@Article{price01a,
  Author         = {C. P. Price and D. E. Newman},
  Title          = {$R/S$ Analysis of the AE Index},
  Journal        = jastp,
  Volume         = {63},
  Pages          = {1387-1397},
  optannote      = {},
  optkey         = {},
  optmonth       = {},
  optnote        = {},
  optnumber      = {},
  year           = 2001
}

@Article{rhodes96a,
  author = 	 {C. Rhodes and R. Anderson},
  title = 	 {},
  journal = 	 {Nature},
  year = 	 {1996},
  OPTkey = 	 {},
  volume =	 {381},
  OPTnumber = 	 {},
  pages =	 {600},
  OPTmonth = 	 {},
  OPTnote = 	 {},
  OPTannote = 	 {}
}

@Article{serrano03a,
  Author         = {Ma \'{A}ngeles Serrano and Mari\'{a}n Bogu\~{n}\'{a}},
  Title          = {Topology of the world trade web},
  Journal        = pre,
  Volume         = {68},
  Number         = {1},
  Pages          = {015101},
  Note           = {http://physics2.phys.uaf.edu/~ryan/science/papers/serrano03a_world_trade_web_pre.pdf},
  annote         = {Barcelona. Economics of global trade as small world
                   network.},
  opturl            = {http://link.aps.org/abstract/PRE/v68/e015101},
  year           = 2003
}

@Book{shiavi91a,
  Author         = {Richard Shiavi},
  Title          = {Introduction to Applied Statistical Signal Analysis},
  Publisher      = {Aksen Associates Inc.},
  year           = 1991
}

@Book{sornette00a,
  author = 	 sornetted,
  title = 	 {Critical Phenomena in Natural Sciences---Chaos, Fractals, Selforganization and Disorder:  Concepts and Tools},
  publisher = 	 {Springer},
  year = 	 {2000},
  OPTkey = 	 {},
  OPTvolume = 	 {},
  OPTnumber = 	 {},
  OPTseries = 	 {},
  OPTaddress = 	 {},
  OPTedition = 	 {},
  OPTmonth = 	 {},
  OPTnote = 	 {},
  OPTannote = 	 {}
}


@Article{sanchez01a,
  author = 	 {R. S\'{a}nchez and D. E. Newman and B. A. Carreras},
  title = 	 {SOC-diffusive dynamics as a paradigm of plasma turbulent transport},
  journal = 	 {Nuclear Fusion},
  year = 	 {2001},
  OPTkey = 	 {},
  volume =	 {41},
  OPTnumber = 	 {},
  pages =	 {247},
  OPTmonth = 	 {},
  OPTnote = 	 {},
  OPTannote = 	 {}
}

@Article{sanchez02a,
  Author         = {R. S\'{a}nchez and D. E. Newman and B. A. Carreras},
  Title          = {Waiting-time statistics of self-organized criticality
                   systems},
  Journal        = prl,
  Volume         = {88},
  Number         = {6},
  Pages          = {068302},
  OPTurl            = {http://physics2.phys.uaf.edu/~ryan/science/papers/waitingtimesoc_prl.pdf},
  year           = 2002
}

@Article{sanchez02b,
  Author         = {R. S\'{a}nchez and D. E. Newman and W. Ferenbaugh and
                   B. A. Carreras and V. E. Lynch and B. Ph. van Milligen},
  Title          = {Quiet-time statistics: a tool to probe the dynamics of
                   self-organized-criticality systems from within the
                   strong overlapping regime},
  Journal        = pre,
  Volume         = {66},
  Pages          = {036124},
  opturl            = {http://physics2.phys.uaf.edu/~ryan/science/papers/quiettimestatssoc_pre.pdf},
  year           = 2002
}

@Article{sanchez03a,
  author = 	 {R. S\'{a}nchez and D. E. Newman and B.A. Carreras and 
                  R. Woodard and W. Ferenbaugh and H.R. Hicks}, 
  title = 	 {Modelling of ELM-like phenomena via SOC-diffusive dynamics},
  journal = 	 {Nuclear Fusion},
  year = 	 {2003},
  OPTkey = 	 {},
  volume =	 {43},
  OPTnumber = 	 {},
  pages =	 {1031},
  OPTmonth = 	 {},
  OPTnote = 	 {},
  OPTannote = 	 {}
}

@Article{trasarti02a,
  Author         = {R. Trasarti-Battistoni and D. Draghi and C. Riccardi
                   and H. E. Roman},
  Title          = {Self-similarity, power-law scaling, and
                   non-Gaussianity of turbulent fluctuation flux in a
                   nonfusion magnetoplasma},
  Journal        = pop,
  Volume         = {9},
  Number         = {8},
  Pages          = {3369-3377},
  year           = 2002
}

@Book{turcotte1997a,
  author =	 {Donald L. Turcotte},
  title = 	 {Fractals and Chaos in Geology and Geophysics},
  publisher = 	 {Cambridge University Press},
  year = 	 {1997},
  OPTkey = 	 {},
  OPTvolume = 	 {},
  OPTnumber = 	 {},
  OPTseries = 	 {},
  OPTaddress = 	 {},
  edition =	 {2nd},
  OPTmonth = 	 {},
  OPTnote = 	 {},
  OPTannote = 	 {}
}

@Article{uritsky02a,
  Author         = uritskyvm # n # klimasaj # n # vassiliadisd # n # chuad
                   # n # parksg,
  Title          = {Scale-free statistics of spatiotemporal auroral
                   emissions as depicted by POLAR UVI images: Dynamic
                   magnetosphere is an avalanching system},
  Journal        = jgr,
  Volume         = {107},
  Number         = {A12},
  Pages          = {7-1 - 7-11},
  optannote      = {},
  optkey         = {},
  optmonth       = {},
  optnote        = {},
  year           = 2002
}

@Article{uritsky98a,
  Author         = uritskyvm # n # pudovkinmi,
  Title          = {Low frequency $1/f$-like fluctuations of the AE-index
                   as a possible manifestation of self-organized
                   criticality in the magnetosphere},
  Journal        = ag,
  Volume         = {16},
  Pages          = {1580-1588},
  optannote      = {},
  optkey         = {},
  optmonth       = {},
  optnote        = {},
  optnumber      = {},
  year           = 1998
}

@Article{varotsos02a,
  Author         = {P. A. Varotsos and N. V. Sarlis and E. S. Skordas},
  Title          = {Long-range correlations in the electric signals that
                   precede rupture},
  Journal        = pre,
  Volume         = {66},
  Pages          = {011902},
  opturl            = {file:///home/ryan/papers/varotsosPRE66_2002.pdf},
  year           = 2002
}

@Article{vespig98a,
  Author         = {A. Vespignanni and S. Zapperi},
  Title          = {How self-organized criticality works: A unified
                   mean-field picture},
  Journal        = pre,
  Volume         = {57},
  Number         = {6},
  Pages          = {6345-6362},
  year           = 1998
}

@Misc{vicki,
  Author         = {Vicki},
  Title          = {analysis.cc},
  optannote      = {},
  opthowpublished = {},
  optmonth       = {},
  optnote        = {},
  optyear        = {}
}

@Article{voss76a,
  author = 	 {Richard F. Voss and John Clarke},
  title = 	 {Flicker (1/f) noise:  Equilibrium temperature and resistance fluctuations},
  journal = 	 prb,
  year = 	 {1976},
  OPTkey = 	 {},
  volume =	 {13},
  number =	 {2},
  pages =	 {556-573},
  OPTmonth = 	 {},
  OPTnote = 	 {},
  OPTannote = 	 {}
}

@Misc{dynsys04a,
  OPTkey = 	 {},
  author =	 {Eric W. Weisstein},
  title =	 {Dynamical System},
  howpublished = {From MathWorld--A Wolfram Web Resource.},
  OPTmonth = 	 {},
  OPTyear = 	 {},
  note =	 {http://mathworld.wolfram.com/DynamicalSystem.html},
  url =	 {http://mathworld.wolfram.com/DynamicalSystem.html},
  OPTannote = 	 {}
}

@Article{wilson79a,
  author = 	 {Kenneth G. Wilson},
  title = 	 {Problems in Physics with Many Scales of Length},
  journal = 	 {Sci. Am.},
  year = 	 {1979},
  OPTkey = 	 {},
  volume =	 {241},
  OPTnumber = 	 {},
  pages =	 {158},
  OPTmonth = 	 {},
  OPTnote = 	 {},
  OPTannote = 	 {}
}

@Article{wilson03a,
  Author         = {P. S. Wilson and A. C. Tomsett and R. Toumi},
  Title          = {Long-memory analysis of time series with missing
                   values},
  Journal        = pre,
  Volume         = {68},
  Number         = {1},
  Pages          = {017103},
  annote         = {Imperial College, London. Autocorrelation, Hurst, DFA.},
  opturl            = {http://link.aps.org/abstract/PRE/v68/e017103},
  year           = 2003
}


@Article{wolfram83a,
  author = 	 {S. Wolfram},
  title = 	 {Statistical Mechanics of Cellular Automata},
  journal = 	 rmp,
  year = 	 {1983},
  OPTkey = 	 {},
  volume =	 {55},
  OPTnumber = 	 {},
  pages =	 {601-644},
  OPTmonth = 	 {},
  OPTnote = 	 {},
  OPTannote = 	 {}
}

@Book{wolfram02a,
  author =	 {Stephen Wolfram},
  title = 	 {A New Kind of Science},
  publisher = 	 {Wolfram Media, Inc.},
  year = 	 {2002},
  OPTkey = 	 {},
  OPTvolume = 	 {},
  OPTnumber = 	 {},
  OPTseries = 	 {},
  OPTaddress = 	 {},
  OPTedition = 	 {},
  OPTmonth = 	 {},
  OPTnote = 	 {},
  OPTannote = 	 {}
}

@Unpublished{woodard04a,
  Author         = woodardr #n# newmande #n# sanchezr #n# carrerasba,
  Title          = {Building blocks of self-organized criticality, part I:  
                    the very low drive case}, 
  note           = {Submitted to PRE},
  year           = 2004
}

@Unpublished{woodard04b,
  Author         = woodardr #n# newmande #n# sanchezr #n# carrerasba,
  Title          = {Building blocks of self-organized criticality, part II:  
                    transition from low to high drive}, 
  note           = {Submitted to PRE},
  year           = 2004
}

@Unpublished{woodard04d,
  Author         = woodardr #n# newmande #n# sanchezr #n# carrerasba,
  Title          = {Kona},
  note           = {Accepted to Kona},
  year           = 2004
}

@Unpublished{woodard04e,
  Author         = woodardr #n# newmande #n# sanchezr #n# carrerasba,
  Title          = {Spreading}, 
  note           = {To be submitted to POP},
  year           = 2004
}

@Unpublished{woodard04f,
  Author         = woodardr #n# newmande #n# sanchezr #n# carrerasba,
  Title          = {Comment on ``Do Earthquakes Exhibit Self-Organized
  Criticality?''}, 
  note           = {Submitted to PRL},
  year           = 2004
}

@Misc{woodard04c,
  OPTkey = 	 {},
  author =	 woodardr,
  title =	 {Computer Animations of a Self-Organized Criticality Running Sandpile Model},
  OPThowpublished = {},
  url = 	 {http://physics2.phys.uaf.edu/~ryan/science/soc/animations/},
  OPTmonth = 	 {},
  year =	 {2004},
  note =	 {Contact author for copy of animation at {\tt ryan@timehaven.org}.},
  OPTannote = 	 {}
}

@Article{yang04a,
  author = 	 {Xiaosong Yang and Shuming Du and Jin Ma},
  title = 	 {Do Earthquakes Exhibit Self-Organized Criticality?},
  journal = 	 prl,
  year = 	 {2004},
  OPTkey = 	 {},
  volume =	 {92},
  OPTnumber = 	 {},
  pages =	 {228501},
  OPTmonth = 	 {},
  OPTnote = 	 {},
  OPTannote = 	 {}
}

@Article{yeh84a,
  author = 	 {W.~J. Yeh and Y.~H. Kao},
  title = 	 {},
  journal = 	 prl,
  year = 	 {1984},
  OPTkey = 	 {},
  volume =	 {53},
  OPTnumber = 	 {},
  pages =	 {1590},
  OPTmonth = 	 {},
  OPTnote = 	 {},
  OPTannote = 	 {}
}

@Article{pedrosa99a,
  Author         = {M. A. Pedrosa {\em et al.}},
  Title          = {Empirical similarity of frequency spectra of the
                   edge-plasma fluctuations in toroidal
                   magnetic-confinement systems},
  Journal        = prl,
  Volume         = {82},
  Number         = {18},
  Pages          = {3621},
  year           = 1999
}

@Article{spacephysicssoc,
  Author         = {Many people},
  Title          = {Space physics and SOC},
  Journal        = {JGR},
  optannote      = {},
  optkey         = {},
  optmonth       = {},
  optnote        = {},
  optnumber      = {},
  optpages       = {},
  optvolume      = {},
  year           = 1999
}

@article{pommois98a,
  author =	 {P. Pommois and G. Zimbardo and P. Veltri},
  title =	 {Magnetic field line transport in three dimensional
                  turbulence: L[e-acute]vy random walk and spectrum
                  models},
  publisher =	 {AIP},
  year =	 {1998},
  journal =	 {Physics of Plasmas},
  volume =	 {5},
  number =	 {5},
  pages =	 {1288-1297},
  keywords =	 {turbulence; random processes; fluctuations;
                  percolation; diffusion},
  url =		 {http://link.aip.org/link/?PHP/5/1288/1}
}
@article{romanelli93a,
  author =	 {F. Romanelli and F. Zonca},
  title =	 {The radial structure of the
                  ion-temperature-gradient-driven mode},
  publisher =	 {AIP},
  year =	 {1993},
  journal =	 {Physics of Fluids B: Plasma Physics},
  volume =	 {5},
  number =	 {11},
  pages =	 {4081-4089},
  keywords =	 {ION TEMPERATURE; TEMPERATURE GRADIENTS; HARMONICS;
                  DIFFUSION; TRANSPORT THEORY; TURBULENCE; TOKAMAK
                  DEVICES; PLASMA DRIFT; SHEAR PROPERTIES; CORRELATION
                  LENGTH},
  url =		 {http://link.aip.org/link/?PHB/5/4081/1}
}
@article{hahm96a,
  author =	 {T. S. Hahm and K. H. Burrell},
  title =	 {{\bf E}$\times${\bf B} flow shear effects on 
                 radial correlation length of turbulence and gyroradius
                  scaling of confinement},
  publisher =	 {AIP},
  year =	 {1996},
  journal =	 {Physics of Plasmas},
  volume =	 {3},
  number =	 {1},
  pages =	 {427-429},
  keywords =	 {DOUBLET&#150;3 DEVICE; PLASMA CONFINEMENT; PLASMA
                  DRIFT; SCALING LAWS; THERMAL DIFFUSIVITY; TOKAMAK
                  DEVICES; TRANSPORT THEORY; TURBULENCE; CORRELATION
                  LENGTH},
  url =		 {http://link.aip.org/link/?PHP/3/427/1}
}
@article{garbet96a,
  author =	 {X. Garbet and R. E. Waltz},
  title =	 {Action at distance and Bohm scaling of turbulence in
                  tokamaks},
  publisher =	 {AIP},
  year =	 {1996},
  journal =	 {Physics of Plasmas},
  volume =	 {3},
  number =	 {5},
  pages =	 {1898-1907},
  keywords =	 {TOKAMAK DEVICES; TURBULENCE; TRANSPORT THEORY;
                  SCALING LAWS; INSTABILITY GROWTH RATES; CORRELATION
                  LENGTH; CORRELATION TIME},
  url =		 {http://link.aip.org/link/?PHP/3/1898/1}
}


@article{rhodes02a,
  author =	 {T. L. Rhodes and J.-N. Leboeuf and R. D. Sydora and
                  R. J. Groebner and E. J. Doyle and G. R. McKee and
                  W. A. Peebles and C. L. Rettig and L. Zeng and
                  G. Wang},
  title =	 {Comparison of turbulence measurements from DIII-D
                  low-mode and high-performance plasmas to turbulence
                  simulations and models},
  publisher =	 {AIP},
  year =	 {2002},
  note =	 {Review,Tutorial and Invited Papers from the 43rd
                  Annual Meeting of the APS Division of Plasma
                  Physics},
  journal =      pop,
  volume =	 {9},
  number =	 {5},
  pages =	 {2141-2148},
  location =	 {Long Beach, California (USA)},
  keywords =	 {plasma turbulence; plasma transport processes;
                  plasma fluctuations; Tokamak devices; plasma
                  toroidal confinement; plasma simulation; plasma
                  flow},
  url =		 {http://link.aip.org/link/?PHP/9/2141/1}
}

